@article{lateef2010simulation,
  title={Simulation-based learning: Just like the real thing},
  author={Lateef, Fatimah},
  journal={Journal of Emergencies, Trauma and Shock},
  volume={3},
  number={4},
  pages={348},
  year={2010},
  publisher={Wolters Kluwer--Medknow Publications}
}

@inproceedings{deterding2011game,
  title={From game design elements to gamefulness: defining ``gamification''},
  author={Deterding, Sebastian and Dixon, Dan and Khaled, Rilla and Nacke, Lennart},
  booktitle={Proceedings of the 15th international academic MindTrek conference: Envisioning future media environments},
  pages={9--15},
  year={2011}
}
@inproceedings{hamari2014does,
  title={Does gamification work?--a literature review of empirical studies on gamification},
  author={Hamari, Juho and Koivisto, Jonna and Sarsa, Harri},
  booktitle={2014 47th Hawaii international conference on system sciences},
  pages={3025--3034},
  year={2014},
  organization={Ieee}
}
@incollection{kalyuga2009expertise,
  title={The expertise reversal effect},
  author={Kalyuga, Slava},
  booktitle={Managing cognitive load in adaptive multimedia learning},
  pages={58--80},
  year={2009},
  publisher={IGI Global}
}
@article{kalyuga2007expertise,
  title={Expertise reversal effect and its implications for learner-tailored instruction},
  author={Kalyuga, Slava},
  journal={Educational psychology review},
  volume={19},
  number={4},
  pages={509--539},
  year={2007},
  publisher={Springer}
}
@inproceedings{majuri2018gamification,
  title={Gamification of education and learning: A review of empirical literature},
  author={Majuri, Jenni and Koivisto, Jonna and Hamari, Juho},
  booktitle={Proceedings of the 2nd international GamiFIN conference, GamiFIN 2018},
  year={2018},
  organization={CEUR-WS}
}
@article{kruger1999unskilled,
  title={Unskilled and unaware of it: how difficulties in recognizing one's own incompetence lead to inflated self-assessments.},
  author={Kruger, Justin and Dunning, David},
  journal={Journal of personality and social psychology},
  volume={77},
  number={6},
  pages={1121},
  year={1999},
  publisher={American Psychological Association}
}
@article{henrich2010weirdest,
  title={The weirdest people in the world?},
  author={Henrich, Joseph and Heine, Steven J and Norenzayan, Ara},
  journal={Behavioral and brain sciences},
  volume={33},
  number={2-3},
  pages={61--83},
  year={2010},
  publisher={Cambridge University Press}
}





